@InCollection{ghea22,
	author       =	{Gheaus, Anca},
	title        =	{{Personal Relationship Goods}},
	booktitle    =	{The {Stanford} Encyclopedia of Philosophy},
	editor       =	{Edward N. Zalta and Uri Nodelman},
	howpublished =	{\url{https://plato.stanford.edu/archives/win2022/entries/personal-relationship-goods/}},
	year         =	{2022},
	edition      =	{{W}inter 2022},
	publisher    =	{Metaphysics Research Lab, Stanford University}
}
