@article{Lovecraft1928,
 author = "Howard Phillips Lovecraft",
 title = "{The Call of Cthulhu}",
 journal = "Weird Tales",
 volume = 11,
 number = 2,
 pages = "159+",
 year = 1928,
 month = "February"
}